<record><leader>00000cas a22000007a 4500</leader><controlfield tag="001">10835049</controlfield><controlfield tag="008">840612d18671877iauwr ne      0    0eng d</controlfield><datafield ind1=" " ind2=" " tag="010"><subfield code="a">sn 84027018 </subfield></datafield><datafield ind1=" " ind2=" " tag="040"><subfield code="a">NPU</subfield><subfield code="b">eng</subfield><subfield code="c">NPU</subfield><subfield code="d">NPX</subfield><subfield code="d">OCLCQ</subfield></datafield><datafield ind1=" " ind2=" " tag="042"><subfield code="a">msc</subfield></datafield><datafield ind1="0" ind2="4" tag="245"><subfield code="a">The Weekly Afton tribune.</subfield></datafield><datafield ind1="1" ind2="3" tag="246"><subfield code="a">Afton tribune</subfield></datafield><datafield ind1="1" ind2="3" tag="246"><subfield code="a">Afton weekly tribune</subfield></datafield><datafield ind1=" " ind2=" " tag="260"><subfield code="a">Afton, Iowa :</subfield><subfield code="b">W.R. Roberts</subfield></datafield><datafield ind1=" " ind2=" " tag="300"><subfield code="a">v. ;</subfield><subfield code="c">61 cm.</subfield></datafield><datafield ind1=" " ind2=" " tag="310"><subfield code="a">Weekly</subfield></datafield><datafield ind1="1" ind2=" " tag="362"><subfield code="a">Began in 1867; ceased in 1877?</subfield><subfield code="z">Cf. Bibl. of Iowa newspapers.</subfield></datafield><datafield ind1=" " ind2=" " tag="500"><subfield code="a">Bibliography of Iowa newspapers gives title as: Afton tribune, with variant title: Afton weekly tribune.</subfield></datafield><datafield ind1=" " ind2=" " tag="500"><subfield code="a">Published as: Afton tribune, &lt;Sept. 16, 1876&gt;.</subfield></datafield><datafield ind1=" " ind2=" " tag="500"><subfield code="a">Editor: Ira Seeley, &lt;1876&gt;.</subfield></datafield><datafield ind1=" " ind2=" " tag="500"><subfield code="a">Publisher: Ira Seeley, &lt;1876&gt;.</subfield></datafield><datafield ind1=" " ind2=" " tag="500"><subfield code="a">"Republican," &lt;1876&gt;.</subfield></datafield><datafield ind1=" " ind2=" " tag="588"><subfield code="a">Description based on: Vol. 5, no. 12 (Feb. 22, 1872).</subfield></datafield><datafield ind1=" " ind2=" " tag="752"><subfield code="a">United States</subfield><subfield code="b">Iowa</subfield><subfield code="c">Union</subfield><subfield code="d">Afton.</subfield></datafield><datafield ind1="0" ind2="0" tag="780"><subfield code="t">Afton reveille</subfield></datafield><datafield ind1="1" ind2=" " tag="029"><subfield code="a">AU@</subfield><subfield code="b">000025786832</subfield></datafield></record>